@article{bhati2020assessing,
  title={{Assessing genomic diversity and signatures of selection in Original Braunvieh cattle using whole-genome sequencing data}},
  author={Bhati, Meenu and Kadri, Naveen Kumar and Crysnanto, Danang and Pausch, Hubert},
  journal={BMC genomics},
  volume={21},
  number={1},
  pages={1--14},
  year={2020},
  publisher={BioMed Central}
}

@article{signer2017population,
  title={{Population structure and genomic inbreeding in nine Swiss dairy cattle populations}},
  author={Signer-Hasler, Heidi and Burren, Alexander and Neuditschko, Markus and Frischknecht, Mirjam and Garrick, Dorian and Stricker, Christian and Gredler, Birgit and Bapst, Beat and Flury, Christine},
  journal={Genetics Selection Evolution},
  volume={49},
  number={1},
  pages={1--13},
  year={2017},
  publisher={Springer}
}

@article{10002015global,
  title={{A global reference for human genetic variation}},
  author={1000 Genomes Project Consortium and others},
  journal={Nature},
  volume={526},
  number={7571},
  pages={68},
  year={2015},
  publisher={Nature Publishing Group}
}

@article{tenesa2007recent,
  title={{Recent human effective population size estimated from linkage disequilibrium}},
  author={Tenesa, Albert and Navarro, Pau and Hayes, Ben J and Duffy, David L and Clarke, Geraldine M and Goddard, Mike E and Visscher, Peter M},
  journal={Genome research},
  volume={17},
  number={4},
  pages={520--526},
  year={2007},
  publisher={Cold Spring Harbor Lab}
}

@article{pausch2013imputation,
  title={{Imputation of high-density genotypes in the Fleckvieh cattle population}},
  author={Pausch, Hubert and Aigner, Bernhard and Emmerling, Reiner and Edel, Christian and G{\"o}tz, Kay-Uwe and Fries, Ruedi},
  journal={Genetics Selection Evolution},
  volume={45},
  number={1},
  pages={1--10},
  year={2013},
  publisher={Springer}
}

@article{hagger2005estimates,
  title={{Estimates of genetic diversity in the brown cattle population of Switzerland obtained from pedigree information}},
  author={Hagger, C},
  journal={Journal of Animal Breeding and Genetics},
  volume={122},
  number={6},
  pages={405--413},
  year={2005},
  publisher={Wiley Online Library}
}

@article{grytten2020assessing,
  title={{Assessing graph-based read mappers against a baseline approach highlights strengths and weaknesses of current methods}},
  author={Grytten, Ivar and Rand, Knut D and Nederbragt, Alexander J and Sandve, Geir K},
  journal={BMC genomics},
  volume={21},
  pages={1--9},
  year={2020},
  publisher={Springer}
}

@article{li2018minimap2,
  title={{Minimap2: pairwise alignment for nucleotide sequences}},
  author={Li, Heng},
  journal={Bioinformatics},
  volume={34},
  number={18},
  pages={3094--3100},
  year={2018},
  publisher={Oxford University Press}
}

@article{li2013aligning,
  title={{Aligning sequence reads, clone sequences and assembly contigs with BWA-MEM}},
  author={Li, Heng},
  journal={arXiv preprint arXiv:1303.3997},
  year={2013}
}

@article{shukla2019hg19kindel,
  title={{hg19KIndel: ethnicity normalized human reference genome}},
  author={Shukla, Harsh G and Bawa, Pushpinder Singh and Srinivasan, Subhashini},
  journal={BMC genomics},
  volume={20},
  number={1},
  pages={1--17},
  year={2019},
  publisher={BioMed Central}
}

@article{van2015wasp,
  title={{WASP: allele-specific software for robust molecular quantitative trait locus discovery}},
  author={Van De Geijn, Bryce and McVicker, Graham and Gilad, Yoav and Pritchard, Jonathan K},
  journal={Nature methods},
  volume={12},
  number={11},
  pages={1061--1063},
  year={2015},
  publisher={Nature Publishing Group}
}

@article{paten2017genome,
  title={{Genome graphs and the evolution of genome inference}},
  author={Paten, Benedict and Novak, Adam M and Eizenga, Jordan M and Garrison, Erik},
  journal={Genome research},
  volume={27},
  number={5},
  pages={665--676},
  year={2017},
  publisher={Cold Spring Harbor Lab}
}

@article{pritt2018forge,
  title={{FORGe: prioritizing variants for graph genomes}},
  author={Pritt, Jacob and Chen, Nae-Chyun and Langmead, Ben},
  journal={Genome biology},
  volume={19},
  number={1},
  pages={1--16},
  year={2018},
  publisher={BioMed Central}
}

@article{gunther2019presence,
  title={{The presence and impact of reference bias on population genomic studies of prehistoric human populations}},
  author={G{\"u}nther, Torsten and Nettelblad, Carl},
  journal={PLoS genetics},
  volume={15},
  number={7},
  pages={e1008302},
  year={2019},
  publisher={Public Library of Science}
}

@article{salavati2019elimination,
  title={{Elimination of reference mapping bias reveals robust immune related allele-specific expression in crossbred sheep}},
  author={Salavati, Mazdak and Bush, Stephen J and Palma-Vera, Sergio and McCulloch, Mary EB and Hume, David A and Clark, Emily L},
  journal={Frontiers in genetics},
  volume={10},
  pages={863},
  year={2019},
  publisher={Frontiers}
}

@article{degner2009effect,
  title={{Effect of read-mapping biases on detecting allele-specific expression from RNA-sequencing data}},
  author={Degner, Jacob F and Marioni, John C and Pai, Athma A and Pickrell, Joseph K and Nkadori, Everlyne and Gilad, Yoav and Pritchard, Jonathan K},
  journal={Bioinformatics},
  volume={25},
  number={24},
  pages={3207--3212},
  year={2009},
  publisher={Oxford University Press}
}

@article{garrison2018variation,
  title={{Variation graph toolkit improves read mapping by representing genetic variation in the reference}},
  author={Garrison, Erik and Sir{\'e}n, Jouni and Novak, Adam M and Hickey, Glenn and Eizenga, Jordan M and Dawson, Eric T and Jones, William and Garg, Shilpa and Markello, Charles and Lin, Michael F and others},
  journal={Nature biotechnology},
  volume={36},
  number={9},
  pages={875--879},
  year={2018},
  publisher={Nature Publishing Group}
}

@article{groza2020personalized,
  title={{Personalized and graph genomes reveal missing signal in epigenomic data}},
  author={Groza, Cristian and Kwan, Tony and Soranzo, Nicole and Pastinen, Tomi and Bourque, Guillaume},
  journal={Genome biology},
  volume={21},
  pages={1--22},
  year={2020},
  publisher={Springer}
}

@article{siren2020haplotype,
  title={{Haplotype-aware graph indexes}},
  author={Sir{\'e}n, Jouni and Garrison, Erik and Novak, Adam M and Paten, Benedict and Durbin, Richard},
  journal={Bioinformatics},
  volume={36},
  number={2},
  pages={400--407},
  year={2020},
  publisher={Oxford University Press}
}

@article{hickey2020genotyping,
  title={{Genotyping structural variants in pangenome graphs using the vg toolkit}},
  author={Hickey, Glenn and Heller, David and Monlong, Jean and Sibbesen, Jonas A and Sir{\'e}n, Jouni and Eizenga, Jordan and Dawson, Eric T and Garrison, Erik and Novak, Adam M and Paten, Benedict},
  journal={Genome biology},
  volume={21},
  number={1},
  pages={1--17},
  year={2020},
  publisher={BioMed Central}
}

@article{scherf2015second,
  title={{The second report on the state of the world's animal genetic resources for food and agriculture}},
  author={Scherf, Beate D and Pilling, Dafydd and others},
  year={2015},
  publisher={Rome (Italy) FAO}
}

@article{daetwyler2014whole,
  title={{Whole-genome sequencing of 234 bulls facilitates mapping of monogenic and complex traits in cattle}},
  author={Daetwyler, Hans D and Capitan, Aur{\'e}lien and Pausch, Hubert and Stothard, Paul and Van Binsbergen, Rianne and Br{\o}ndum, Rasmus F and Liao, Xiaoping and Djari, Anis and Rodriguez, Sabrina C and Grohs, C{\'e}cile and others},
  journal={Nature genetics},
  volume={46},
  number={8},
  pages={858--865},
  year={2014},
  publisher={Nature Publishing Group}
}

@article{hayes20191000,
  title={{1000 bull genomes project to map simple and complex genetic traits in cattle: applications and outcomes}},
  author={Hayes, Ben J and Daetwyler, Hans D},
  journal={Annual review of animal biosciences},
  volume={7},
  pages={89--102},
  year={2019},
  publisher={Annual Reviews}
}

@article{charlier2016ngs,
  title={{NGS-based reverse genetic screen for common embryonic lethal mutations compromising fertility in livestock}},
  author={Charlier, Carole and Li, Wanbo and Harland, Chad and Littlejohn, Mathew and Coppieters, Wouter and Creagh, Frances and Davis, Steve and Druet, Tom and Faux, Pierre and Guillaume, Fran{\c{c}}ois and others},
  journal={Genome research},
  volume={26},
  number={10},
  pages={1333--1341},
  year={2016},
  publisher={Cold Spring Harbor Lab}
}

@article{elsik2009genome,
  title={{The genome sequence of taurine cattle: a window to ruminant biology and evolution}},
  author={Elsik, Christine G and Tellam, Ross L and Worley, Kim C and others},
  journal={Science},
  volume={324},
  number={5926},
  pages={522--528},
  year={2009},
  publisher={American Association for the Advancement of Science}
}

@article{worley2012sequencing,
  title={{Sequencing the bovine genome}},
  author={Worley, Kim C and Gibbs, Richard A},
  journal={Bovine Genomics},
  pages={109},
  year={2012},
  publisher={Wiley Online Library}
}

@article{crysnanto2019accurate,
  title={{Accurate sequence variant genotyping in cattle using variation-aware genome graphs}},
  author={Crysnanto, Danang and Wurmser, Christine and Pausch, Hubert},
  journal={Genetics Selection Evolution},
  volume={51},
  number={1},
  pages={1--15},
  year={2019},
  publisher={Springer}
}

@article{jansen2013assessment,
  title={{Assessment of the genomic variation in a cattle population by re-sequencing of key animals at low to medium coverage}},
  author={Jansen, Sandra and Aigner, Bernhard and Pausch, Hubert and Wysocki, Michal and Eck, Sebastian and Benet-Pag{\`e}s, Anna and Graf, Elisabeth and Wieland, Thomas and Strom, Tim M and Meitinger, Thomas and others},
  journal={BMC genomics},
  volume={14},
  number={1},
  pages={1--9},
  year={2013},
  publisher={Springer}
}

@article{kim2017genome,
  title={{The genome landscape of indigenous African cattle}},
  author={Kim, Jaemin and Hanotte, Olivier and Mwai, Okeyo Ally and Dessie, Tadelle and Bashir, Salim and Diallo, Boubacar and Agaba, Morris and Kim, Kwondo and Kwak, Woori and Sung, Samsun and others},
  journal={Genome biology},
  volume={18},
  number={1},
  pages={1--14},
  year={2017},
  publisher={Springer}
}

@article{koufariotis2018sequencing,
  title={{Sequencing the mosaic genome of Brahman cattle identifies historic and recent introgression including polled}},
  author={Koufariotis, L and Hayes, BJ and Kelly, M and Burns, BM and Lyons, R and Stothard, P and Chamberlain, AJ and Moore, S},
  journal={Scientific reports},
  volume={8},
  number={1},
  pages={1--12},
  year={2018},
  publisher={Nature Publishing Group}
}

@article{depristo2011framework,
  title={{A framework for variation discovery and genotyping using next-generation DNA sequencing data}},
  author={DePristo, Mark A and Banks, Eric and Poplin, Ryan and Garimella, Kiran V and Maguire, Jared R and Hartl, Christopher and Philippakis, Anthony A and Del Angel, Guillermo and Rivas, Manuel A and Hanna, Matt and others},
  journal={Nature genetics},
  volume={43},
  number={5},
  pages={491},
  year={2011},
  publisher={Nature Publishing Group}
}

@article{koren2018novo,
  title={{De novo assembly of haplotype-resolved genomes with trio binning}},
  author={Koren, Sergey and Rhie, Arang and Walenz, Brian P and Dilthey, Alexander T and Bickhart, Derek M and Kingan, Sarah B and Hiendleder, Stefan and Williams, John L and Smith, Timothy PL and Phillippy, Adam M},
  journal={Nature biotechnology},
  volume={36},
  number={12},
  pages={1174--1182},
  year={2018},
  publisher={Nature Publishing Group}
}

@article{miga2020telomere,
  title={{Telomere-to-telomere assembly of a complete human X chromosome}},
  author={Miga, Karen H and Koren, Sergey and Rhie, Arang and Vollger, Mitchell R and Gershman, Ariel and Bzikadze, Andrey and Brooks, Shelise and Howe, Edmund and Porubsky, David and Logsdon, Glennis A and others},
  journal={Nature},
  volume={585},
  number={7823},
  pages={79--84},
  year={2020},
  publisher={Nature Publishing Group}
}

@article{rice2020continuous,
  title={{Continuous chromosome-scale haplotypes assembled from a single interspecies F1 hybrid of yak and cattle}},
  author={Rice, Edward S and Koren, Sergey and Rhie, Arang and Heaton, Michael P and Kalbfleisch, Theodore S and Hardy, Timothy and Hackett, Peter H and Bickhart, Derek M and Rosen, Benjamin D and Ley, Brian Vander and others},
  journal={Gigascience},
  volume={9},
  number={4},
  pages={giaa029},
  year={2020},
  publisher={Oxford University Press}
}

@article{ballouz2019time,
  title={{Is it time to change the reference genome?}},
  author={Ballouz, Sara and Dobin, Alexander and Gillis, Jesse A},
  journal={Genome biology},
  volume={20},
  number={1},
  pages={1--9},
  year={2019},
  publisher={BioMed Central}
}

@misc{Crysnanto2020data,
author = {Crysnanto, Danang and Pausch, Hubert},
doi = {https://doi.org/10.5281/zenodo.3759712},
title = {{Data for bovine graphs experiments (Version 1.1) [Data set]}},
url = {https://doi.org/10.5281/zenodo.3759712},
year = {2020},
note = {Accessed 13 July 2020}
}

@misc{Crysnanto2020script,
author = {Crysnanto, Danang and Pausch, Hubert},
doi = {https://doi.org/10.5281/zenodo.3763286},
title = {{Scripts for bovine graphs experiments (Version 1.1)}},
url = {https://doi.org/10.5281/zenodo.3763286},
year = {2020},
note= {Accessed 13 July 2020}
}

@article{danecek2011variant,
  title={{The variant call format and VCFtools}},
  author={Danecek, Petr and Auton, Adam and Abecasis, Goncalo and Albers, Cornelis A and Banks, Eric and DePristo, Mark A and Handsaker, Robert E and Lunter, Gerton and Marth, Gabor T and Sherry, Stephen T and others},
  journal={Bioinformatics},
  volume={27},
  number={15},
  pages={2156--2158},
  year={2011},
  publisher={Oxford University Press}
}

@article{rausch2012delly,
  title={{DELLY: structural variant discovery by integrated paired-end and split-read analysis}},
  author={Rausch, Tobias and Zichner, Thomas and Schlattl, Andreas and St{\"u}tz, Adrian M and Benes, Vladimir and Korbel, Jan O},
  journal={Bioinformatics},
  volume={28},
  number={18},
  pages={i333--i339},
  year={2012},
  publisher={Oxford University Press}
}

@article{chang2015second,
  title={{Second-generation PLINK: rising to the challenge of larger and richer datasets}},
  author={Chang, Christopher C and Chow, Carson C and Tellier, Laurent CAM and Vattikuti, Shashaank and Purcell, Shaun M and Lee, James J},
  journal={Gigascience},
  volume={4},
  number={1},
  pages={s13742--015},
  year={2015},
  publisher={Oxford University Press}
}

@article{browning2018one,
  title={{A one-penny imputed genome from next-generation reference panels}},
  author={Browning, Brian L and Zhou, Ying and Browning, Sharon R},
  journal={The American Journal of Human Genetics},
  volume={103},
  number={3},
  pages={338--348},
  year={2018},
  publisher={Elsevier}
}

@article{haeussler2019ucsc,
  title={{The UCSC genome browser database: 2019 update}},
  author={Haeussler, Maximilian and Zweig, Ann S and Tyner, Cath and Speir, Matthew L and Rosenbloom, Kate R and Raney, Brian J and Lee, Christopher M and Lee, Brian T and Hinrichs, Angie S and Gonzalez, Jairo Navarro and others},
  journal={Nucleic acids research},
  volume={47},
  number={D1},
  pages={D853--D858},
  year={2019},
  publisher={Oxford University Press}
}

@article{yates2020ensembl,
  title={{Ensembl 2020}},
  author={Yates, Andrew D and Achuthan, Premanand and Akanni, Wasiu and Allen, James and Allen, Jamie and Alvarez-Jarreta, Jorge and Amode, M Ridwan and Armean, Irina M and Azov, Andrey G and Bennett, Ruth and others},
  journal={Nucleic acids research},
  volume={48},
  number={D1},
  pages={D682--D688},
  year={2020},
  publisher={Oxford University Press}
}

@article{chen2018fastp,
  title={{fastp: an ultra-fast all-in-one FASTQ preprocessor}},
  author={Chen, Shifu and Zhou, Yanqing and Chen, Yaru and Gu, Jia},
  journal={Bioinformatics},
  volume={34},
  number={17},
  pages={i884--i890},
  year={2018},
  publisher={Oxford University Press}
}

@article{novak2017genome,
  title={{Genome graphs}},
  author={Novak, Adam M and Hickey, Glenn and Garrison, Erik and Blum, Sean and Connelly, Abram and Dilthey, Alexander and Eizenga, Jordan and Elmohamed, MA Saleh and Guthrie, Sally and Kahles, Andr{\'e} and others},
  journal={bioRxiv},
  year={2017},
  publisher={Cold Spring Harbor Laboratory}
}

@article{linderman2014analytical,
  title={{Analytical validation of whole exome and whole genome sequencing for clinical applications}},
  author={Linderman, Michael D and Brandt, Tracy and Edelmann, Lisa and Jabado, Omar and Kasai, Yumi and Kornreich, Ruth and Mahajan, Milind and Shah, Hardik and Kasarskis, Andrew and Schadt, Eric E},
  journal={BMC medical genomics},
  volume={7},
  number={1},
  pages={1--11},
  year={2014},
  publisher={BioMed Central}
}

@article{koster2012snakemake,
  title={{Snakemake—a scalable bioinformatics workflow engine}},
  author={K{\"o}ster, Johannes and Rahmann, Sven},
  journal={Bioinformatics},
  volume={28},
  number={19},
  pages={2520--2522},
  year={2012},
  publisher={Oxford University Press}
}

@article{rakocevic2019fast,
  title={{Fast and accurate genomic analyses using genome graphs}},
  author={Rakocevic, Goran and Semenyuk, Vladimir and Lee, Wan-Ping and Spencer, James and Browning, John and Johnson, Ivan J and Arsenijevic, Vladan and Nadj, Jelena and Ghose, Kaushik and Suciu, Maria C and others},
  journal={Nature genetics},
  volume={51},
  number={2},
  pages={354--362},
  year={2019},
  publisher={Nature Publishing Group}
}

@article{eggertsson2019graphtyper2,
  title={{GraphTyper2 enables population-scale genotyping of structural variation using pangenome graphs}},
  author={Eggertsson, Hannes P and Kristmundsdottir, Snaedis and Beyter, Doruk and Jonsson, Hakon and Skuladottir, Astros and Hardarson, Marteinn T and Gudbjartsson, Daniel F and Stefansson, Kari and Halldorsson, Bjarni V and Melsted, Pall},
  journal={Nature communications},
  volume={10},
  number={1},
  pages={1--8},
  year={2019},
  publisher={Nature Publishing Group}
}

@article{duan2019hupan,
  title={{HUPAN: a pan-genome analysis pipeline for human genomes}},
  author={Duan, Zhongqu and Qiao, Yuyang and Lu, Jinyuan and Lu, Huimin and Zhang, Wenmin and Yan, Fazhe and Sun, Chen and Hu, Zhiqiang and Zhang, Zhen and Li, Guichao and others},
  journal={Genome biology},
  volume={20},
  number={1},
  pages={1--11},
  year={2019},
  publisher={BioMed Central}
}

@article{beyter2020long,
  title={{Long read sequencing of 3,622 Icelanders provides insight into the role of structural variants in human diseases and other traits}},
  author={Beyter, Doruk and Ingimundardottir, Helga and Oddsson, Asmundur and Eggertsson, Hannes P and Bjornsson, Eythor and Jonsson, Hakon and Atlason, Bjarni A and Kristmundsdottir, Snaedis and Mehringer, Svenja and Hardarson, Marteinn T and others},
  journal={BioRxiv},
  pages={848366},
  year={2020},
  publisher={Cold Spring Harbor Laboratory}
}

@article{li2020design,
  title={{The design and construction of reference pangenome graphs with minigraph}},
  author={Li, Heng and Feng, Xiaowen and Chu, Chong},
  journal={Genome biology},
  volume={21},
  number={1},
  pages={1--19},
  year={2020},
  publisher={Springer}
}

@article{baes2014evaluation,
  title={{Evaluation of variant identification methods for whole genome sequencing data in dairy cattle}},
  author={Baes, Christine F and Dolezal, Marlies A and Koltes, James E and Bapst, Beat and Fritz-Waters, Eric and Jansen, Sandra and Flury, Christine and Signer-Hasler, Heidi and Stricker, Christian and Fernando, Rohan and others},
  journal={BMC genomics},
  volume={15},
  number={1},
  pages={1--18},
  year={2014},
  publisher={BioMed Central}
}

@article{hofstetter2019non,
  title={{A non-coding regulatory variant in the 5′-region of the MITF gene is associated with white-spotted coat in Brown Swiss cattle}},
  author={Hofstetter, Sonja and Seefried, F and H{\"a}fliger, Irene Monika and Jagannathan, Vidya and Leeb, Tosso and Dr{\"o}gem{\"u}ller, Cord},
  journal={Animal genetics},
  volume={50},
  number={1},
  pages={27--32},
  year={2019},
  publisher={Wiley Online Library}
}

@article{tarasov2015sambamba,
  title={{Sambamba: fast processing of NGS alignment formats}},
  author={Tarasov, Artem and Vilella, Albert J and Cuppen, Edwin and Nijman, Isaac J and Prins, Pjotr},
  journal={Bioinformatics},
  volume={31},
  number={12},
  pages={2032--2034},
  year={2015},
  publisher={Oxford University Press}
}

@article{browning2016genotype,
  title={{Genotype imputation with millions of reference samples}},
  author={Browning, Brian L and Browning, Sharon R},
  journal={The American Journal of Human Genetics},
  volume={98},
  number={1},
  pages={116--126},
  year={2016},
  publisher={Elsevier}
}

@article{smith2013repeatmasker,
  title={{RepeatMasker Open-4.0}},
  author={Smith, A and Hubley, R and Green, P},
  journal={RepeatMasker Open-4.0},
  year={2013}
}

@article{zook2019open,
  title={{An open resource for accurately benchmarking small variant and reference calls}},
  author={Zook, Justin M and McDaniel, Jennifer and Olson, Nathan D and Wagner, Justin and Parikh, Hemang and Heaton, Haynes and Irvine, Sean A and Trigg, Len and Truty, Rebecca and McLean, Cory Y and others},
  journal={Nature biotechnology},
  volume={37},
  number={5},
  pages={561--566},
  year={2019},
  publisher={Nature Publishing Group}
}

@article{rozowsky2011alleleseq,
  title={{AlleleSeq: analysis of allele-specific expression and binding in a network framework}},
  author={Rozowsky, Joel and Abyzov, Alexej and Wang, Jing and Alves, Pedro and Raha, Debasish and Harmanci, Arif and Leng, Jing and Bjornson, Robert and Kong, Yong and Kitabayashi, Naoki and others},
  journal={Molecular systems biology},
  volume={7},
  number={1},
  pages={522},
  year={2011},
  publisher={John Wiley \& Sons, Ltd Chichester, UK}
}

@article{sherman2019assembly,
  title={{Assembly of a pan-genome from deep sequencing of 910 humans of African descent}},
  author={Sherman, Rachel M and Forman, Juliet and Antonescu, Valentin and Puiu, Daniela and Daya, Michelle and Rafaels, Nicholas and Boorgula, Meher Preethi and Chavan, Sameer and Vergara, Candelaria and Ortega, Victor E and others},
  journal={Nature genetics},
  volume={51},
  number={1},
  pages={30--35},
  year={2019},
  publisher={Nature Publishing Group}
}

@article{hehir2016high,
  title={{A high-quality human reference panel reveals the complexity and distribution of genomic structural variants}},
  author={Hehir-Kwa, Jayne Y and Marschall, Tobias and Kloosterman, Wigard P and Francioli, Laurent C and Baaijens, Jasmijn A and Dijkstra, Louis J and Abdellaoui, Abdel and Koval, Vyacheslav and Thung, Djie Tjwan and Wardenaar, Ren{\'e} and others},
  journal={Nature communications},
  volume={7},
  number={1},
  pages={1--10},
  year={2016},
  publisher={Nature Publishing Group}
}

@article{holden2018assembly,
  title={{Assembly and analysis of unmapped genome sequence reads reveal novel sequence and variation in dogs}},
  author={Holden, Lindsay A and Arumilli, Meharji and Hyt{\"o}nen, Marjo K and Hundi, Sruthi and Saloj{\"a}rvi, Jarkko and Brown, Kim H and Lohi, Hannes},
  journal={Scientific reports},
  volume={8},
  number={1},
  pages={1--11},
  year={2018},
  publisher={Nature Publishing Group}
}

@article{li2010building,
  title={{Building the sequence map of the human pan-genome}},
  author={Li, Ruiqiang and Li, Yingrui and Zheng, Hancheng and Luo, Ruibang and Zhu, Hongmei and Li, Qibin and Qian, Wubin and Ren, Yuanyuan and Tian, Geng and Li, Jinxiang and others},
  journal={Nature biotechnology},
  volume={28},
  number={1},
  pages={57--63},
  year={2010},
  publisher={Nature Publishing Group}
}

@article{rosen2020novo,
  title={{De novo assembly of the cattle reference genome with single-molecule sequencing}},
  author={Rosen, Benjamin D and Bickhart, Derek M and Schnabel, Robert D and Koren, Sergey and Elsik, Christine G and Tseng, Elizabeth and Rowan, Troy N and Low, Wai Y and Zimin, Aleksey and Couldrey, Christine and others},
  journal={Gigascience},
  volume={9},
  number={3},
  pages={giaa021},
  year={2020},
  publisher={Oxford University Press}
}

@article{chaisson2019multi,
  title={{Multi-platform discovery of haplotype-resolved structural variation in human genomes}},
  author={Chaisson, Mark JP and Sanders, Ashley D and Zhao, Xuefang and Malhotra, Ankit and Porubsky, David and Rausch, Tobias and Gardner, Eugene J and Rodriguez, Oscar L and Guo, Li and Collins, Ryan L and others},
  journal={Nature communications},
  volume={10},
  number={1},
  pages={1--16},
  year={2019},
  publisher={Nature Publishing Group}
}

@article{alkan2011genome,
  title={{Genome structural variation discovery and genotyping}},
  author={Alkan, Can and Coe, Bradley P and Eichler, Evan E},
  journal={Nature Reviews Genetics},
  volume={12},
  number={5},
  pages={363--376},
  year={2011},
  publisher={Nature Publishing Group}
}

@article{chen2019paragraph,
  title={{Paragraph: a graph-based structural variant genotyper for short-read sequence data}},
  author={Chen, Sai and Krusche, Peter and Dolzhenko, Egor and Sherman, Rachel M and Petrovski, Roman and Schlesinger, Felix and Kirsche, Melanie and Bentley, David R and Schatz, Michael C and Sedlazeck, Fritz J and others},
  journal={Genome biology},
  volume={20},
  number={1},
  pages={1--13},
  year={2019},
  publisher={Springer}
}


@article{eggertsson2017graphtyper,
  title={{Graphtyper enables population-scale genotyping using pangenome graphs}},
  author={Eggertsson, Hannes P and Jonsson, Hakon and Kristmundsdottir, Snaedis and Hjartarson, Eirikur and Kehr, Birte and Masson, Gisli and Zink, Florian and Hjorleifsson, Kristjan E and Jonasdottir, Aslaug and Jonasdottir, Adalbjorg and others},
  journal={Nature genetics},
  volume={49},
  number={11},
  pages={1654},
  year={2017},
  publisher={Nature Publishing Group}
}

@inproceedings{maciuca2016natural,
  title={{A natural encoding of genetic variation in a Burrows-Wheeler transform to enable mapping and genome inference}},
  author={Maciuca, Sorina and del Ojo Elias, Carlos and McVean, Gil and Iqbal, Zamin},
  booktitle={{International Workshop on Algorithms in Bioinformatics}},
  pages={222--233},
  year={2016},
  organization={Springer}
}

@article{kim2019graph,
  title={{Graph-based genome alignment and genotyping with HISAT2 and HISAT-genotype}},
  author={Kim, Daehwan and Paggi, Joseph M and Park, Chanhee and Bennett, Christopher and Salzberg, Steven L},
  journal={Nature biotechnology},
  volume={37},
  number={8},
  pages={907--915},
  year={2019},
  publisher={Nature Publishing Group}
}

@article{hall2016effective,
  title={{Effective population sizes in cattle, sheep, horses, pigs and goats estimated from census and herdbook data}},
  author={Hall, SJG},
  journal={Animal},
  volume={10},
  number={11},
  pages={1778--1785},
  year={2016},
  publisher={Elsevier}
}

@article{leroy2013methods,
  title={{Methods to estimate effective population size using pedigree data: Examples in dog, sheep, cattle and horse}},
  author={Leroy, Gr{\'e}goire and Mary-Huard, Tristan and Verrier, Etienne and Danvy, Sophie and Charvolin, Eleonore and Danchin-Burge, Coralie},
  journal={Genetics Selection Evolution},
  volume={45},
  number={1},
  pages={1--10},
  year={2013},
  publisher={BioMed Central}
}

@article{hayward2016complex,
  title={{Complex disease and phenotype mapping in the domestic dog}},
  author={Hayward, Jessica J and Castelhano, Marta G and Oliveira, Kyle C and Corey, Elizabeth and Balkman, Cheryl and Baxter, Tara L and Casal, Margret L and Center, Sharon A and Fang, Meiying and Garrison, Susan J and others},
  journal={Nature communications},
  volume={7},
  number={1},
  pages={1--11},
  year={2016},
  publisher={Nature Publishing Group}
}

@article{liu2019new,
  title={{New insights into mammalian sex chromosome structure and evolution using high-quality sequences from bovine X and Y chromosomes}},
  author={Liu, Ruijie and Low, Wai Yee and Tearle, Rick and Koren, Sergey and Ghurye, Jay and Rhie, Arang and Phillippy, Adam M and Rosen, Benjamin D and Bickhart, Derek M and Smith, Timothy PL and others},
  journal={BMC genomics},
  volume={20},
  number={1},
  pages={1--11},
  year={2019},
  publisher={BioMed Central}
}

@article{li2014toward,
  title={{Toward better understanding of artifacts in variant calling from high-coverage samples}},
  author={Li, Heng},
  journal={Bioinformatics},
  volume={30},
  number={20},
  pages={2843--2851},
  year={2014},
  publisher={Oxford University Press}
}

@article{malomane2018efficiency,
  title={{Efficiency of different strategies to mitigate ascertainment bias when using SNP panels in diversity studies}},
  author={Malomane, Dorcus Kholofelo and Reimer, Christian and Weigend, Steffen and Weigend, Annett and Sharifi, Ahmad Reza and Simianer, Henner},
  journal={BMC genomics},
  volume={19},
  number={1},
  pages={1--16},
  year={2018},
  publisher={BioMed Central}
}

@article{li2018synthetic,
  title={{A synthetic-diploid benchmark for accurate variant-calling evaluation}},
  author={Li, Heng and Bloom, Jonathan M and Farjoun, Yossi and Fleharty, Mark and Gauthier, Laura and Neale, Benjamin and MacArthur, Daniel},
  journal={Nature methods},
  volume={15},
  number={8},
  pages={595--597},
  year={2018},
  publisher={Nature Publishing Group}
}

@article{dewey2011phased,
  title={{Phased whole-genome genetic risk in a family quartet using a major allele reference sequence}},
  author={Dewey, Frederick E and Chen, Rong and Cordero, Sergio P and Ormond, Kelly E and Caleshu, Colleen and Karczewski, Konrad J and Whirl-Carrillo, Michelle and Wheeler, Matthew T and Dudley, Joel T and Byrnes, Jake K and others},
  journal={PLoS Genet},
  volume={7},
  number={9},
  pages={e1002280},
  year={2011},
  publisher={Public Library of Science}
}

@article{beyer2019sequence,
  title={{Sequence tube maps: making graph genomes intuitive to commuters}},
  author={Beyer, Wolfgang and Novak, Adam M and Hickey, Glenn and Chan, Jeffrey and Tan, Vanessa and Paten, Benedict and Zerbino, Daniel R},
  journal={Bioinformatics},
  volume={35},
  number={24},
  pages={5318},
  year={2019},
  publisher={Oxford University Press}
}

@article{li2009sequence,
  title={{The sequence alignment/map format and SAMtools}},
  author={Li, Heng and Handsaker, Bob and Wysoker, Alec and Fennell, Tim and Ruan, Jue and Homer, Nils and Marth, Gabor and Abecasis, Goncalo and Durbin, Richard},
  journal={Bioinformatics},
  volume={25},
  number={16},
  pages={2078--2079},
  year={2009},
  publisher={Oxford University Press}
}

@article{poplin2017scaling,
  title={{Scaling accurate genetic variant discovery to tens of thousands of samples}},
  author={Poplin, Ryan and Ruano-Rubio, Valentin and DePristo, Mark A and Fennell, Tim J and Carneiro, Mauricio O and Van der Auwera, Geraldine A and Kling, David E and Gauthier, Laura D and Levy-Moonshine, Ami and Roazen, David and others},
  journal={BioRxiv},
  pages={201178},
  year={2017},
  publisher={Cold Spring Harbor Laboratory}
}

@article{bouwman2018meta,
  title={{Meta-analysis of genome-wide association studies for cattle stature identifies common genes that regulate body size in mammals}},
  author={Bouwman, Aniek C and Daetwyler, Hans D and Chamberlain, Amanda J and Ponce, Carla Hurtado and Sargolzaei, Mehdi and Schenkel, Flavio S and Sahana, Goutam and Govignon-Gion, Armelle and Boitard, Simon and Dolezal, Marlies and others},
  journal={Nature genetics},
  volume={50},
  number={3},
  pages={362--367},
  year={2018},
  publisher={Nature Publishing Group}
}