@article{sequencing2009genome,
  title={{The genome sequence of taurine cattle: a window to ruminant biology and evolution}},
  author={Bovine Genome Sequencing and Analysis Consortium},
  journal={Science (New York, NY)},
  volume={324},
  number={5926},
  pages={522},
  year={2009},
  publisher={NIH Public Access}
}

@article{kim2019graph,
  title={{Graph-based genome alignment and genotyping with HISAT2 and HISAT-genotype}},
  author={Kim, Daehwan and Paggi, Joseph M and Park, Chanhee and Bennett, Christopher and Salzberg, Steven L},
  journal={Nature biotechnology},
  volume={37},
  number={8},
  pages={907--915},
  year={2019},
  publisher={Nature Publishing Group}
}

@article{robinson2010edger,
  title={{edgeR: a Bioconductor package for differential expression analysis of digital gene expression data}},
  author={Robinson, Mark D and McCarthy, Davis J and Smyth, Gordon K},
  journal={Bioinformatics},
  volume={26},
  number={1},
  pages={139--140},
  year={2010},
  publisher={Oxford University Press}
}

@article{hafliger2020il17ra,
  title={{An IL17RA frameshift variant in a Holstein cattle family with psoriasis-like skin alterations and immunodeficiency}},
  author={H{\"a}fliger, Irene M and Sickinger, Marlene and Holsteg, Mark and Raeder, Leif M and Henrich, Manfred and Marquardt, Siegfried and Dr{\"o}gem{\"u}ller, Cord and L{\"u}hken, Gesine},
  journal={BMC genetics},
  volume={21},
  pages={1--10},
  year={2020},
  publisher={Springer}
}

@article{young2020genomic,
  title={{Genomic and phenotypic analyses of six offspring of a genome-edited hornless bull}},
  author={Young, Amy E and Mansour, Tamer A and McNabb, Bret R and Owen, Joseph R and Trott, Josephine F and Brown, C Titus and Van Eenennaam, Alison L},
  journal={Nature biotechnology},
  volume={38},
  number={2},
  pages={225--232},
  year={2020},
  publisher={Nature Publishing Group}
}

@article{li2013aligning,
  title={{Aligning sequence reads, clone sequences and assembly contigs with BWA-MEM}},
  author={Li, Heng},
  journal={arXiv},
  year={2013}
}

@article{faust2014samblaster,
  title={{SAMBLASTER: fast duplicate marking and structural variant read extraction}},
  author={Faust, Gregory G and Hall, Ira M},
  journal={Bioinformatics},
  volume={30},
  number={17},
  pages={2503--2505},
  year={2014},
  publisher={Oxford University Press}
}

@article{li2009sequence,
  title={{The sequence alignment/map format and SAMtools}},
  author={Li, Heng and Handsaker, Bob and Wysoker, Alec and Fennell, Tim and Ruan, Jue and Homer, Nils and Marth, Gabor and Abecasis, Goncalo and Durbin, Richard},
  journal={Bioinformatics},
  volume={25},
  number={16},
  pages={2078--2079},
  year={2009},
  publisher={Oxford University Press}
}

@article{tan2015unified,
  title={{Unified representation of genetic variants}},
  author={Tan, Adrian and Abecasis, Gon{\c{c}}alo R and Kang, Hyun Min},
  journal={Bioinformatics},
  volume={31},
  number={13},
  pages={2202--2204},
  year={2015},
  publisher={Oxford University Press}
}

@article{mclaren2016ensembl,
  title={{The ensembl variant effect predictor}},
  author={McLaren, William and Gil, Laurent and Hunt, Sarah E and Riat, Harpreet Singh and Ritchie, Graham RS and Thormann, Anja and Flicek, Paul and Cunningham, Fiona},
  journal={Genome biology},
  volume={17},
  number={1},
  pages={1--14},
  year={2016},
  publisher={BioMed Central}
}

@article{koster2012snakemake,
  title={{Snakemakeâ€”a scalable bioinformatics workflow engine}},
  author={K{\"o}ster, Johannes and Rahmann, Sven},
  journal={Bioinformatics},
  volume={28},
  number={19},
  pages={2520--2522},
  year={2012},
  publisher={Oxford University Press}
}

@article{paradis2019ape,
  title={{ape 5.0: an environment for modern phylogenetics and evolutionary analyses in R}},
  author={Paradis, Emmanuel and Schliep, Klaus},
  journal={Bioinformatics},
  volume={35},
  number={3},
  pages={526--528},
  year={2019},
  publisher={Oxford University Press}
}

@article{rautiainen2020graphaligner,
  title={{GraphAligner: rapid and versatile sequence-to-graph alignment}},
  author={Rautiainen, Mikko and Marschall, Tobias},
  journal={Genome biology},
  volume={21},
  number={1},
  pages={1--28},
  year={2020},
  publisher={Springer}
}

@article{bao2015repbase,
  title={{Repbase Update, a database of repetitive elements in eukaryotic genomes}},
  author={Bao, Weidong and Kojima, Kenji K and Kohany, Oleksiy},
  journal={Mobile Dna},
  volume={6},
  number={1},
  pages={1--6},
  year={2015},
  publisher={Springer}
}

@article{buchfink2015fast,
  title={{Fast and sensitive protein alignment using DIAMOND}},
  author={Buchfink, Benjamin and Xie, Chao and Huson, Daniel H},
  journal={Nature methods},
  volume={12},
  number={1},
  pages={59--60},
  year={2015},
  publisher={Nature Publishing Group}
}

@article{stanke2003gene,
  title={{Gene prediction with a hidden Markov model and a new intron submodel}},
  author={Stanke, Mario and Waack, Stephan},
  journal={Bioinformatics},
  volume={19},
  number={suppl\_2},
  pages={ii215--ii225},
  year={2003},
  publisher={Oxford University Press}
}

@article{xiang2018genome,
  title={{Genome variants associated with RNA splicing variations in bovine are extensively shared between tissues}},
  author={Xiang, Ruidong and Hayes, Ben J and Vander Jagt, Christy J and MacLeod, Iona M and Khansefid, Majid and Bowman, Phil J and Yuan, Zehu and Prowse-Wilkins, Claire P and Reich, Coralie M and Mason, Brett A and others},
  journal={BMC genomics},
  volume={19},
  number={1},
  pages={1--18},
  year={2018},
  publisher={BioMed Central}
}

@article{nguyen2016p1012,
  title={{P1012 Liver transcriptome from pre versus post-pubertal Brahman heifers}},
  author={Nguyen, LT and Reverter-Gomez, A and Canovas, A and Venus, B and Islas-Trejo, A and Lehnert, SA and Medrano, JF and Moore, SS and Fortes, MR},
  journal={Journal of Animal Science},
  volume={94},
  number={suppl\_4},
  pages={20--21},
  year={2016},
  publisher={Oxford University Press}
}

@article{salleh2018gene,
  title={{Gene co-expression networks from RNA sequencing of dairy cattle identifies genes and pathways affecting feed efficiency}},
  author={Salleh, SM and Mazzoni, Gianluca and L{\o}vendahl, P and Kadarmideen, Haja N},
  journal={BMC bioinformatics},
  volume={19},
  number={1},
  pages={1--15},
  year={2018},
  publisher={BioMed Central}
}

@article{chen2018fastp,
  title={{fastp: an ultra-fast all-in-one FASTQ preprocessor}},
  author={Chen, Shifu and Zhou, Yanqing and Chen, Yaru and Gu, Jia},
  journal={Bioinformatics},
  volume={34},
  number={17},
  pages={i884--i890},
  year={2018},
  publisher={Oxford University Press}
}

@article{poplin201178others,
  title={{Scaling accurate genetic variant discovery to tens of thousands of samples.}},
  author={Poplin, R and Ruano-Rubio, V and DePristo, MA and Fennell, TJ and Carneiro, MO and Van der Auwera, GA},
  journal={bioRxiv},
  year={2017},
  volume={201178}
}

@article{schwartz2017evolution,
  title={{The evolution of the natural killer complex; a comparison between mammals using new high-quality genome assemblies and targeted annotation}},
  author={Schwartz, John C and Gibson, Mark S and Heimeier, Dorothea and Koren, Sergey and Phillippy, Adam M and Bickhart, Derek M and Smith, Timothy PL and Medrano, Juan F and Hammond, John A},
  journal={Immunogenetics},
  volume={69},
  number={4},
  pages={255--269},
  year={2017},
  publisher={Springer}
}

@article{li2017comprehensive,
  title={{Comprehensive variation discovery and recovery of missing sequence in the pig genome using multiple de novo assemblies}},
  author={Li, Mingzhou and Chen, Lei and Tian, Shilin and Lin, Yu and Tang, Qianzi and Zhou, Xuming and Li, Diyan and Yeung, Carol KL and Che, Tiandong and Jin, Long and others},
  journal={Genome research},
  volume={27},
  number={5},
  pages={865--874},
  year={2017},
  publisher={Cold Spring Harbor Lab}
}

@article{hughes2018birth,
  title={{The birth and death of olfactory receptor gene families in mammalian niche adaptation}},
  author={Hughes, Graham M and Boston, Emma SM and Finarelli, John A and Murphy, William J and Higgins, Desmond G and Teeling, Emma C},
  journal={Molecular biology and evolution},
  volume={35},
  number={6},
  pages={1390--1406},
  year={2018},
  publisher={Oxford University Press}
}

@article{vollger2019long,
  title={{Long-read sequence and assembly of segmental duplications}},
  author={Vollger, Mitchell R and Dishuck, Philip C and Sorensen, Melanie and Welch, AnneMarie E and Dang, Vy and Dougherty, Max L and Graves-Lindsay, Tina A and Wilson, Richard K and Chaisson, Mark JP and Eichler, Evan E},
  journal={Nature methods},
  volume={16},
  number={1},
  pages={88--94},
  year={2019},
  publisher={Nature Publishing Group}
}

@article{kelley2010detection,
  title={{Detection and correction of false segmental duplications caused by genome mis-assembly}},
  author={Kelley, David R and Salzberg, Steven L},
  journal={Genome biology},
  volume={11},
  number={3},
  pages={1--11},
  year={2010},
  publisher={Springer}
}

@article{gordon2017extensive,
  title={{Extensive gene content variation in the Brachypodium distachyon pan-genome correlates with population structure}},
  author={Gordon, Sean P and Contreras-Moreira, Bruno and Woods, Daniel P and Des Marais, David L and Burgess, Diane and Shu, Shengqiang and Stritt, Christoph and Roulin, Anne C and Schackwitz, Wendy and Tyler, Ludmila and others},
  journal={Nature communications},
  volume={8},
  number={1},
  pages={1--13},
  year={2017},
  publisher={Nature Publishing Group}
}

@article{golicz2020pangenomics,
  title={{Pangenomics comes of age: from bacteria to plant and animal applications}},
  author={Golicz, Agnieszka A and Bayer, Philipp E and Bhalla, Prem L and Batley, Jacqueline and Edwards, David},
  journal={Trends in Genetics},
  volume={36},
  number={2},
  pages={132--145},
  year={2020},
  publisher={Elsevier}
}

@article{depristo2011framework,
  title={{A framework for variation discovery and genotyping using next-generation DNA sequencing data}},
  author={DePristo, Mark A and Banks, Eric and Poplin, Ryan and Garimella, Kiran V and Maguire, Jared R and Hartl, Christopher and Philippakis, Anthony A and Del Angel, Guillermo and Rivas, Manuel A and Hanna, Matt and others},
  journal={Nature genetics},
  volume={43},
  number={5},
  pages={491},
  year={2011},
  publisher={Nature Publishing Group}
}

@article{siren2020genotyping,
  title={{Genotyping common, large structural variations in 5,202 genomes using pangenomes, the Giraffe mapper, and the vg toolkit}},
  author={Sir{\'e}n, Jouni and Monlong, Jean and Chang, Xian and Novak, Adam M and Eizenga, Jordan M and Markello, Charles and Sibbesen, Jonas and Hickey, Glenn and Chang, Pi-Chuan and Carroll, Andrew and others},
  journal={bioRxiv},
  year={2020},
  publisher={Cold Spring Harbor Laboratory}
}

@article{saitou1987neighbor,
  title={{The neighbor-joining method: a new method for reconstructing phylogenetic trees.}},
  author={Saitou, Naruya and Nei, Masatoshi},
  journal={Molecular biology and evolution},
  volume={4},
  number={4},
  pages={406--425},
  year={1987}
}

@article{golicz2016pangenome,
  title={{The pangenome of an agronomically important crop plant Brassica oleracea}},
  author={Golicz, Agnieszka A and Bayer, Philipp E and Barker, Guy C and Edger, Patrick P and Kim, HyeRan and Martinez, Paula A and Chan, Chon Kit Kenneth and Severn-Ellis, Anita and McCombie, W Richard and Parkin, Isobel AP and others},
  journal={Nature communications},
  volume={7},
  number={1},
  pages={1--8},
  year={2016},
  publisher={Nature Publishing Group}
}

@article{armstrong2020progressive,
  title={{Progressive Cactus is a multiple-genome aligner for the thousand-genome era}},
  author={Armstrong, Joel and Hickey, Glenn and Diekhans, Mark and Fiddes, Ian T and Novak, Adam M and Deran, Alden and Fang, Qi and Xie, Duo and Feng, Shaohong and Stiller, Josefin and others},
  journal={Nature},
  volume={587},
  number={7833},
  pages={246--251},
  year={2020},
  publisher={Nature Publishing Group}
}

@article{tian2019building,
  title={{Building a sequence map of the pig pan-genome from multiple de novo assemblies and Hi-C data}},
  author={Tian, Xiaomeng and Li, Ran and Fu, Weiwei and Li, Yan and Wang, Xihong and Li, Ming and Du, Duo and Tang, Qianzi and Cai, Yudong and Long, Yiming and others},
  journal={Science China Life Sciences},
  pages={1--14},
  year={2019},
  publisher={Springer}
}

@article{li2019towards,
  title={{Towards the complete goat pan-genome by recovering missing genomic segments from the reference genome}},
  author={Li, Ran and Fu, Weiwei and Su, Rui and Tian, Xiaomeng and Du, Duo and Zhao, Yue and Zheng, Zhuqing and Chen, Qiuming and Gao, Shan and Cai, Yudong and others},
  journal={Frontiers in genetics},
  volume={10},
  pages={1169},
  year={2019},
  publisher={Frontiers}
}

@article{qi2010assessment,
  title={{Assessment of cattle genetic introgression into domestic yak populations using mitochondrial and microsatellite DNA markers}},
  author={Qi, XB and Jianlin, Han and Wang, G and Rege, JEO and Hanotte, O},
  journal={Animal genetics},
  volume={41},
  number={3},
  pages={242--252},
  year={2010},
  publisher={Wiley Online Library}
}

@inproceedings{smith2020genome,
  title={{Genome Assemblies of Global Cattle Breeds to Create a Cattle Pangenome}},
  author={Smith, Timothy and Bickhart, Derek and Rosen, Benjamin},
  booktitle={{Plant and Animal Genome XXVIII Conference (January 11-15, 2020)}},
  year={2020},
  organization={PAG}
}

@article{khan2020super,
  title={{Super-pangenome by integrating the wild side of a species for accelerated crop improvement}},
  author={Khan, Aamir W and Garg, Vanika and Roorkiwal, Manish and Golicz, Agnieszka A and Edwards, David and Varshney, Rajeev K},
  journal={Trends in plant science},
  volume={25},
  number={2},
  pages={148--158},
  year={2020},
  publisher={Elsevier}
}

@article{ameur2018novo,
  title={{De novo assembly of two Swedish genomes reveals missing segments from the human GRCh38 reference and improves variant calling of population-scale sequencing data}},
  author={Ameur, Adam and Che, Huiwen and Martin, Marcel and Bunikis, Ignas and Dahlberg, Johan and H{\"o}ijer, Ida and H{\"a}ggqvist, Susana and Vezzi, Francesco and Nordlund, Jessica and Olason, Pall and others},
  journal={Genes},
  volume={9},
  number={10},
  pages={486},
  year={2018},
  publisher={Multidisciplinary Digital Publishing Institute}
}

@article{audano2019characterizing,
  title={{Characterizing the major structural variant alleles of the human genome}},
  author={Audano, Peter A and Sulovari, Arvis and Graves-Lindsay, Tina A and Cantsilieris, Stuart and Sorensen, Melanie and Welch, AnneMarie E and Dougherty, Max L and Nelson, Bradley J and Shah, Ankeeta and Dutcher, Susan K and others},
  journal={Cell},
  volume={176},
  number={3},
  pages={663--675},
  year={2019},
  publisher={Elsevier}
}

@article{duan2019hupan,
  title={{HUPAN: a pan-genome analysis pipeline for human genomes}},
  author={Duan, Zhongqu and Qiao, Yuyang and Lu, Jinyuan and Lu, Huimin and Zhang, Wenmin and Yan, Fazhe and Sun, Chen and Hu, Zhiqiang and Zhang, Zhen and Li, Guichao and others},
  journal={Genome biology},
  volume={20},
  number={1},
  pages={1--11},
  year={2019},
  publisher={BioMed Central}
}

@article{li2020design,
  title={{The design and construction of reference pangenome graphs with minigraph}},
  author={Li, Heng and Feng, Xiaowen and Chu, Chong},
  journal={Genome biology},
  volume={21},
  number={1},
  pages={1--19},
  year={2020},
  publisher={Springer}
}

@article{ondov2016mash,
  title={{Mash: fast genome and metagenome distance estimation using MinHash}},
  author={Ondov, Brian D and Treangen, Todd J and Melsted, P{\'a}ll and Mallonee, Adam B and Bergman, Nicholas H and Koren, Sergey and Phillippy, Adam M},
  journal={Genome biology},
  volume={17},
  number={1},
  pages={1--14},
  year={2016},
  publisher={BioMed Central}
}

@article{mi2019panther,
  title={{PANTHER version 14: more genomes, a new PANTHER GO-slim and improvements in enrichment analysis tools}},
  author={Mi, Huaiyu and Muruganujan, Anushya and Ebert, Dustin and Huang, Xiaosong and Thomas, Paul D},
  journal={Nucleic acids research},
  volume={47},
  number={D1},
  pages={D419--D426},
  year={2019},
  publisher={Oxford University Press}
}

@article{kovaka2019transcriptome,
  title={{Transcriptome assembly from long-read RNA-seq alignments with StringTie2}},
  author={Kovaka, Sam and Zimin, Aleksey V and Pertea, Geo M and Razaghi, Roham and Salzberg, Steven L and Pertea, Mihaela},
  journal={Genome biology},
  volume={20},
  number={1},
  pages={1--13},
  year={2019},
  publisher={BioMed Central}
}

@article{mcloughlin2014rna,
  title={{RNA-seq transcriptional profiling of peripheral blood leukocytes from cattle infected with Mycobacterium bovis}},
  author={McLoughlin, Kirsten E and Nalpas, Nicolas C and Rue-Albrecht, K{\'e}vin and Browne, John A and Magee, David A and Killick, Kate E and Park, Stephen DE and Hokamp, Karsten and Meade, Kieran G and Oâ€™Farrelly, Cliona and others},
  journal={Frontiers in immunology},
  volume={5},
  pages={396},
  year={2014},
  publisher={Frontiers}
}

@article{mcgill2014specific,
  title={{Specific recognition of mycobacterial protein and peptide antigens by $\gamma$$\delta$ T cell subsets following infection with virulent Mycobacterium bovis}},
  author={McGill, Jodi L and Sacco, Randy E and Baldwin, Cynthia L and Telfer, Janice C and Palmer, Mitchell V and Waters, W Ray},
  journal={The Journal of Immunology},
  volume={192},
  number={6},
  pages={2756--2769},
  year={2014},
  publisher={Am Assoc Immnol}
}

@article{damani2018variegated,
  title={{Variegated transcription of the WC1 hybrid PRR/co-receptor genes by individual $\gamma$$\delta$ T cells and correlation with pathogen responsiveness}},
  author={Damani-Yokota, Payal and Telfer, Janice C and Baldwin, Cynthia L},
  journal={Frontiers in immunology},
  volume={9},
  pages={717},
  year={2018},
  publisher={Frontiers}
}

@article{kennedy2002modulation,
  title={{Modulation of immune responses to Mycobacterium bovis in cattle depleted of WC1+ $\gamma$$\delta$ T cells}},
  author={Kennedy, Hilary E and Welsh, Michael D and Bryson, David G and Cassidy, Joseph P and Forster, Fiona I and Howard, Christopher J and Collins, Robert A and Pollock, John M},
  journal={Infection and immunity},
  volume={70},
  number={3},
  pages={1488--1500},
  year={2002},
  publisher={Am Soc Microbiol}
}

@article{bah2018meta,
  title={{Meta-analysis identification of highly robust and differential immune-metabolic signatures of systemic host response to acute and latent tuberculosis in children and adults}},
  author={Bah, Saikou Y and Forster, Thorsten and Dickinson, Paul and Kampmann, Beate and Ghazal, Peter},
  journal={Frontiers in genetics},
  volume={9},
  pages={457},
  year={2018},
  publisher={Frontiers}
}

@article{bakshy2021development,
  title={{Development of polymorphic markers in the immune gene complex loci of cattle}},
  author={Bakshy, K and Heimeier, D and Schwartz, JC and Glass, EJ and Wilkinson, S and Skuce, Robin A and Allen, AR and Young, J and McClure, JC and Cole, JB and others},
  journal={Journal of Dairy Science},
  year={2021},
  publisher={Elsevier}
}

@article{wong2020towards,
  title={{Towards a reference genome that captures global genetic diversity}},
  author={Wong, Karen HY and Ma, Walfred and Wei, Chun-Yu and Yeh, Erh-Chan and Lin, Wan-Jia and Wang, Elin HF and Su, Jen-Ping and Hsieh, Feng-Jen and Kao, Hsiao-Jung and Chen, Hsiao-Huei and others},
  journal={Nature communications},
  volume={11},
  number={1},
  pages={1--11},
  year={2020},
  publisher={Nature Publishing Group}
}

@article{sherman2019assembly,
  title={{Assembly of a pan-genome from deep sequencing of 910 humans of African descent}},
  author={Sherman, Rachel M and Forman, Juliet and Antonescu, Valentin and Puiu, Daniela and Daya, Michelle and Rafaels, Nicholas and Boorgula, Meher Preethi and Chavan, Sameer and Vergara, Candelaria and Ortega, Victor E and others},
  journal={Nature genetics},
  volume={51},
  number={1},
  pages={30--35},
  year={2019},
  publisher={Nature Publishing Group}
}

@article{whitacre2015s,
  title={{Whatâ€™s in your next-generation sequence data? An exploration of unmapped sequence reads from the bovine reference individual}},
  author={Whitacre, Lynsey K and Tizioto, Polyana C and Kim, JaeWoo and Sonstegard, Tad S and Schroeder, Steven G and Alexander, Leeson J and Medrano, Juan F and Schnabel, Robert D and Taylor, Jeremy F and Decker, Jared E},
  journal={BMC genomics},
  volume={16},
  number={1},
  pages={1--7},
  year={2015},
  publisher={BioMed Central}
}

@article{garrison2018variation,
  title={{Variation graph toolkit improves read mapping by representing genetic variation in the reference}},
  author={Garrison, Erik and Sir{\'e}n, Jouni and Novak, Adam M and Hickey, Glenn and Eizenga, Jordan M and Dawson, Eric T and Jones, William and Garg, Shilpa and Markello, Charles and Lin, Michael F and others},
  journal={Nature biotechnology},
  volume={36},
  number={9},
  pages={875--879},
  year={2018},
  publisher={Nature Publishing Group}
}

@article{eggertsson2017graphtyper,
  title={{Graphtyper enables population-scale genotyping using pangenome graphs}},
  author={Eggertsson, Hannes P and Jonsson, Hakon and Kristmundsdottir, Snaedis and Hjartarson, Eirikur and Kehr, Birte and Masson, Gisli and Zink, Florian and Hjorleifsson, Kristjan E and Jonasdottir, Aslaug and Jonasdottir, Adalbjorg and others},
  journal={Nature genetics},
  volume={49},
  number={11},
  pages={1654},
  year={2017},
  publisher={Nature Publishing Group}
}

@article{crysnanto2020bovine,
  title={{Bovine breed-specific augmented reference graphs facilitate accurate sequence read mapping and unbiased variant discovery}},
  author={Crysnanto, Danang and Pausch, Hubert},
  journal={Genome biology},
  volume={21},
  number={1},
  pages={1--27},
  year={2020},
  publisher={BioMed Central}
}

@article{crysnanto2019accurate,
  title={{Accurate sequence variant genotyping in cattle using variation-aware genome graphs}},
  author={Crysnanto, Danang and Wurmser, Christine and Pausch, Hubert},
  journal={Genetics Selection Evolution},
  volume={51},
  number={1},
  pages={1--15},
  year={2019},
  publisher={Springer}
}

@article{song2020eight,
  title={{Eight high-quality genomes reveal pan-genome architecture and ecotype differentiation of Brassica napus}},
  author={Song, Jia-Ming and Guan, Zhilin and Hu, Jianlin and Guo, Chaocheng and Yang, Zhiquan and Wang, Shuo and Liu, Dongxu and Wang, Bo and Lu, Shaoping and Zhou, Run and others},
  journal={Nature Plants},
  volume={6},
  number={1},
  pages={34--45},
  year={2020},
  publisher={Nature Publishing Group}
}

@article{kehr2017diversity,
  title={{Diversity in non-repetitive human sequences not found in the reference genome}},
  author={Kehr, Birte and Helgadottir, Anna and Melsted, Pall and Jonsson, Hakon and Helgason, Hannes and Jonasdottir, Adalbj{\"o}rg and Jonasdottir, Aslaug and Sigurdsson, Asgeir and Gylfason, Arnaldur and Halldorsson, Gisli H and others},
  journal={Nature Genetics},
  volume={49},
  number={4},
  pages={588--593},
  year={2017},
  publisher={Nature Publishing Group}
}

@article{hickey2020genotyping,
  title={{Genotyping structural variants in pangenome graphs using the vg toolkit}},
  author={Hickey, Glenn and Heller, David and Monlong, Jean and Sibbesen, Jonas A and Sir{\'e}n, Jouni and Eizenga, Jordan and Dawson, Eric T and Garrison, Erik and Novak, Adam M and Paten, Benedict},
  journal={Genome biology},
  volume={21},
  number={1},
  pages={1--17},
  year={2020},
  publisher={BioMed Central}
}

@article{rosen2020novo,
  title={{De novo assembly of the cattle reference genome with single-molecule sequencing}},
  author={Rosen, Benjamin D and Bickhart, Derek M and Schnabel, Robert D and Koren, Sergey and Elsik, Christine G and Tseng, Elizabeth and Rowan, Troy N and Low, Wai Y and Zimin, Aleksey and Couldrey, Christine and others},
  journal={Gigascience},
  volume={9},
  number={3},
  pages={giaa021},
  year={2020},
  publisher={Oxford University Press}
}

@article{koren2018novo,
  title={{De novo assembly of haplotype-resolved genomes with trio binning}},
  author={Koren, Sergey and Rhie, Arang and Walenz, Brian P and Dilthey, Alexander T and Bickhart, Derek M and Kingan, Sarah B and Hiendleder, Stefan and Williams, John L and Smith, Timothy PL and Phillippy, Adam M},
  journal={Nature biotechnology},
  volume={36},
  number={12},
  pages={1174--1182},
  year={2018},
  publisher={Nature Publishing Group}
}

@article{low2020haplotype,
  title={{Haplotype-resolved genomes provide insights into structural variation and gene content in Angus and Brahman cattle}},
  author={Low, Wai Yee and Tearle, Rick and Liu, Ruijie and Koren, Sergey and Rhie, Arang and Bickhart, Derek M and Rosen, Benjamin D and Kronenberg, Zev N and Kingan, Sarah B and Tseng, Elizabeth and others},
  journal={Nature communications},
  volume={11},
  number={1},
  pages={1--14},
  year={2020},
  publisher={Nature Publishing Group}
}

@article{rice2020continuous,
  title={{Continuous chromosome-scale haplotypes assembled from a single interspecies F1 hybrid of yak and cattle}},
  author={Rice, Edward S and Koren, Sergey and Rhie, Arang and Heaton, Michael P and Kalbfleisch, Theodore S and Hardy, Timothy and Hackett, Peter H and Bickhart, Derek M and Rosen, Benjamin D and Ley, Brian Vander and others},
  journal={Gigascience},
  volume={9},
  number={4},
  pages={giaa029},
  year={2020},
  publisher={Oxford University Press}
}

@article{kim2020mosaic,
  title={{The mosaic genome of indigenous African cattle as a unique genetic resource for African pastoralism}},
  author={Kim, Kwondo and Kwon, Taehyung and Dessie, Tadelle and Yoo, DongAhn and Mwai, Okeyo Ally and Jang, Jisung and Sung, Samsun and Lee, SaetByeol and Salim, Bashir and Jung, Jaehoon and others},
  journal={Nature Genetics},
  volume={52},
  number={10},
  pages={1099--1110},
  year={2020},
  publisher={Nature Publishing Group}
}

@article{daetwyler2014whole,
  title={{Whole-genome sequencing of 234 bulls facilitates mapping of monogenic and complex traits in cattle}},
  author={Daetwyler, Hans D and Capitan, Aur{\'e}lien and Pausch, Hubert and Stothard, Paul and Van Binsbergen, Rianne and Br{\o}ndum, Rasmus F and Liao, Xiaoping and Djari, Anis and Rodriguez, Sabrina C and Grohs, C{\'e}cile and others},
  journal={Nature genetics},
  volume={46},
  number={8},
  pages={858--865},
  year={2014},
  publisher={Nature Publishing Group}
}

@article{koufariotis2018sequencing,
  title={{Sequencing the mosaic genome of Brahman cattle identifies historic and recent introgression including polled}},
  author={Koufariotis, L and Hayes, BJ and Kelly, M and Burns, BM and Lyons, R and Stothard, P and Chamberlain, AJ and Moore, S},
  journal={Scientific reports},
  volume={8},
  number={1},
  pages={1--12},
  year={2018},
  publisher={Nature Publishing Group}
}

@article{ballouz2019time,
  title={{Is it time to change the reference genome?}},
  author={Ballouz, Sara and Dobin, Alexander and Gillis, Jesse A},
  journal={Genome biology},
  volume={20},
  number={1},
  pages={1--9},
  year={2019},
  publisher={BioMed Central}
}

@article{pritt2018forge,
  title={{FORGe: prioritizing variants for graph genomes}},
  author={Pritt, Jacob and Chen, Nae-Chyun and Langmead, Ben},
  journal={Genome biology},
  volume={19},
  number={1},
  pages={1--16},
  year={2018},
  publisher={BioMed Central}
}

@misc{Smit2015,
author = {Smit, AFA and Hubley, R and Green, P},
title = {{RepeatMasker Open-4.0}},
url = {http://www.repeatmasker.org},
urldate = {2021-01-08},
year = {2015}
}

@misc{Crysnanto2021,
author = {Crysnanto, Danang and Leonard, Alexander S. and Fang, Zih Hua and Pausch, Hubert},
doi = {https://doi.org/10.5281/zenodo.4385983},
title = {{Supporting data for Novel functional sequences uncovered through a bovine multi-assembly graph (version 1.0) [Dataset]}},
url = {https://doi.org/10.5281/zenodo.4385983},
year = {2021},
note = {Accessed 8 January 2021}
}

@article{RCoreTeam2017,
author = {{R Core Team}},
title = {{R: A Language and Environment for Statistical Computing}},
url = {https://www.r-project.org},
year = {2017}
}


@article{cheng2021haplotype,
  title={{Haplotype-resolved de novo assembly using phased assembly graphs with hifiasm}},
  author={Cheng, Haoyu and Concepcion, Gregory T and Feng, Xiaowen and Zhang, Haowen and Li, Heng},
  journal={Nature Methods},
  volume={18},
  number={2},
  pages={170--175},
  year={2021},
  publisher={Nature Publishing Group}
}

@article{alonge2019ragoo,
  title={{RaGOO: fast and accurate reference-guided scaffolding of draft genomes}},
  author={Alonge, Michael and Soyk, Sebastian and Ramakrishnan, Srividya and Wang, Xingang and Goodwin, Sara and Sedlazeck, Fritz J and Lippman, Zachary B and Schatz, Michael C},
  journal={Genome biology},
  volume={20},
  number={1},
  pages={1--17},
  year={2019},
  publisher={BioMed Central}
}

@article{li2018minimap2,
  title={{Minimap2: pairwise alignment for nucleotide sequences}},
  author={Li, Heng},
  journal={Bioinformatics},
  volume={34},
  number={18},
  pages={3094--3100},
  year={2018},
  publisher={Oxford University Press}
}

@article{rhie2020merqury,
  title={{Merqury: reference-free quality, completeness, and phasing assessment for genome assemblies}},
  author={Rhie, Arang and Walenz, Brian P and Koren, Sergey and Phillippy, Adam M},
  journal={Genome biology},
  volume={21},
  number={1},
  pages={1--27},
  year={2020},
  publisher={BioMed Central}
}

@article{o2020mum,
  title={{MUM\&Co: accurate detection of all SV types through whole-genome alignment}},
  author={Oâ€™donnell, Samuel and Fischer, Gilles},
  journal={Bioinformatics},
  volume={36},
  number={10},
  pages={3242--3243},
  year={2020},
  publisher={Oxford Academic}
}